@book{Knuth1998,
 author = {Knuth, Donald E.},
 title = {The art of computer programming,  volume 3: (2nd ed.) sorting and searching},
 year = {1998},
 publisher = {Addison Wesley Longman Publishing Co., Inc.},
 address = {Redwood City, CA, USA}
}

@book{Pollefliet2011,
  author = {Pollefliet, Leen},
  title = {Schrijven van verslag tot eindwerk: do's en don'ts},
  year = {2011},
  publisher = {Academia Press},
  address = {Gent}
}

@article{Creeger2009,
  author = {Creeger, Mache},
  journal = {Communications of the ACM},
  number = {8},
  pages = {50--56},
  title = {{CTO Roundtable: Cloud Computing}},
  volume = {52},
  year = {2009}
}

@electronic{Statista2018,
  author = "Statista",
  title = "The Statistics portal",
  year = {2018},
  url = {https://www.statista.com/},
  urldate = {2018}
}


@electronic{Wikipedia2013,
  author = "Wikipedia",
  title = "Smartwatch",
  year = {2013},
  url = {https://nl.wikipedia.org/wiki/Smartwatch},
  urldate = {2013}
}

@electronic{TheAppSolutions2017,
  author = "The App Solutions",
  title = "HOW TO DEVELOP THE BEST FITNESS APPLICATION",
  year = {2017},
  url = {https://theappsolutions.com/blog/development/fit-app-development/},
  urldate = {2017}
}

@electronic{mhealth2015,
  author = "mhealth.com",
  title = "Low Quality of Free Coaching Apps With Respect to the American College of Sports Medicine Guidelines: A Review of Current Mobile Apps",
  year = {2015},
  url = {https://mhealth.jmir.org/2015/3/e77/},
  urldate = {2015}
}

@electronic{DigitalMedicine2015,
  author = "Digital Medicine",
  title = "Prescribable mHealth apps identified from an overview of systematic reviews",
  year = {2017},
  url = {https://www.nature.com/articles/s41746-018-0021-9},
  urldate = {2017}
}

@electronic{Appbrain2018,
  author = "AppBrain",
  title = "Appbrain.com",
  year = {2018},
  url = {Appbrain.com},
  urldate = {2018}
}

